@article{doi:10.1002/aris.1440370103,
    author = {Chowdhury, Gobinda G.},
    title = {Natural language processing},
    journal = {Annual Review of Information Science and Technology},
    volume = {37},
    number = {1},
    pages = {51-89},
    doi = {10.1002/aris.1440370103},
    url = {https://asistdl.onlinelibrary.wiley.com/doi/abs/10.1002/aris.1440370103},
    eprint = {https://asistdl.onlinelibrary.wiley.com/doi/pdf/10.1002/aris.1440370103},
    year = {2003}
}
@article{DBLP:journals/corr/GattK17,
  author    = {Albert Gatt and
               Emiel Krahmer},
  title     = {Survey of the State of the Art in Natural Language Generation: Core
               tasks, applications and evaluation},
  journal   = {CoRR},
  volume    = {abs/1703.09902},
  year      = {2017},
  url       = {http://arxiv.org/abs/1703.09902},
  archivePrefix = {arXiv},
  eprint    = {1703.09902},
  timestamp = {Mon, 13 Aug 2018 16:48:36 +0200},
  biburl    = {https://dblp.org/rec/journals/corr/GattK17.bib},
  bibsource = {dblp computer science bibliography, https://dblp.org}
}
@ARTICLE{8012330,
    author={A. {Valdivia} and M. V. {Luzón} and F. {Herrera}},
    journal={IEEE Intelligent Systems},
    title={Sentiment Analysis in TripAdvisor},
    year={2017},
    volume={32},
    number={4},
    pages={72-77},
    keywords={Internet;sentiment analysis;travel industry;sentiment analysis;TripAdvisor;Web platforms;tourist experiences;user sentiments;automatic sentiment-detection algorithms;Sentiment analysis;Web 2.0;Feature extraction;Blogs;Google;Social network services;Affective computing;Online services;Artificial intelligence;sentiment analysis;TripAdvisor;online recommendation systems;artificial intelligence},
    doi={10.1109/MIS.2017.3121555},
    ISSN={1941-1294},
    month={}
}
@inproceedings{10.1145/3064663.3064672,
author = {Klopfenstein, Lorenz Cuno and Delpriori, Saverio and Malatini, Silvia and Bogliolo, Alessandro},
title = {The Rise of Bots: A Survey of Conversational Interfaces, Patterns, and Paradigms},
year = {2017},
isbn = {9781450349222},
publisher = {Association for Computing Machinery},
address = {New York, NY, USA},
url = {https://doi.org/10.1145/3064663.3064672},
doi = {10.1145/3064663.3064672},
booktitle = {Proceedings of the 2017 Conference on Designing Interactive Systems},
pages = {555–565},
numpages = {11},
keywords = {mobile UI, conversational UI, botplication, bots, messaging},
location = {Edinburgh, United Kingdom},
series = {DIS ’17}
}
@online{GoogleSearch,
    author = {Nayuk Pandu},
    title = {{Understanding searches better than ever before}},
    url = {https://www.blog.google/products/search/search-language-understanding-bert/},
    urldate = {20.02.2020},
    year = {2019}
}
@ARTICLE{880083,
    author={R. {Rosenfeld}},
    journal={Proceedings of the IEEE},
    title={Two decades of statistical language modeling: where do we go from here?},
    year={2000},
    volume={88},
    number={8},
    pages={1270-1278},
    keywords={computational linguistics;natural languages;Bayes methods;probability;reviews;statistical language modeling;natural language processing;speech recognition;state of the art;Bayesian approach;linguistic theory;probability;natural language technologies;Natural languages;Speech recognition;Bayesian methods;Probability distribution;Information retrieval;Training data;Associate members;Paper technology;Routing;Optical character recognition software},
    doi={10.1109/5.880083},
    ISSN={1558-2256},
    month={Aug}
}
@article{radford2019language,
  title={Language models are unsupervised multitask learners},
  author={Radford, Alec and Wu, Jeffrey and Child, Rewon and Luan, David and Amodei, Dario and Sutskever, Ilya},
  journal={OpenAI Blog},
  volume={1},
  number={8},
  pages={2-3},
  year={2019}
}
@article{lee2014proven,
  title={The proven ideal length of every tweet, Facebook post, and headline online},
  author={Lee, Kevan},
  journal={Fast Company, Apr},
  year={2014}
}
@article{DBLP:journals/corr/abs-1904-09751,
  author    = {Ari Holtzman and
               Jan Buys and
               Maxwell Forbes and
               Yejin Choi},
  title     = {The Curious Case of Neural Text Degeneration},
  journal   = {CoRR},
  volume    = {abs/1904.09751},
  year      = {2019},
  url       = {http://arxiv.org/abs/1904.09751},
  archivePrefix = {arXiv},
  eprint    = {1904.09751},
  timestamp = {Fri, 26 Apr 2019 13:18:53 +0200},
  biburl    = {https://dblp.org/rec/journals/corr/abs-1904-09751.bib},
  bibsource = {dblp computer science bibliography, https://dblp.org}
}
@article{DBLP:journals/corr/JozefowiczVSSW16,
  author    = {Rafal J{\'{o}}zefowicz and
               Oriol Vinyals and
               Mike Schuster and
               Noam Shazeer and
               Yonghui Wu},
  title     = {Exploring the Limits of Language Modeling},
  journal   = {CoRR},
  volume    = {abs/1602.02410},
  year      = {2016},
  url       = {http://arxiv.org/abs/1602.02410},
  archivePrefix = {arXiv},
  eprint    = {1602.02410},
  timestamp = {Mon, 13 Aug 2018 16:48:43 +0200},
  biburl    = {https://dblp.org/rec/journals/corr/JozefowiczVSSW16.bib},
  bibsource = {dblp computer science bibliography, https://dblp.org}
}
@article{DBLP:journals/corr/Goldberg15c,
  author    = {Yoav Goldberg},
  title     = {A Primer on Neural Network Models for Natural Language Processing},
  journal   = {CoRR},
  volume    = {abs/1510.00726},
  year      = {2015},
  url       = {http://arxiv.org/abs/1510.00726},
  archivePrefix = {arXiv},
  eprint    = {1510.00726},
  timestamp = {Mon, 13 Aug 2018 16:48:41 +0200},
  biburl    = {https://dblp.org/rec/journals/corr/Goldberg15c.bib},
  bibsource = {dblp computer science bibliography, https://dblp.org}
}
% Word2Vec paper
@article{DBLP:journals/corr/MikolovSCCD13,
  author    = {Tomas Mikolov and
               Ilya Sutskever and
               Kai Chen and
               Greg Corrado and
               Jeffrey Dean},
  title     = {Distributed Representations of Words and Phrases and their Compositionality},
  journal   = {CoRR},
  volume    = {abs/1310.4546},
  year      = {2013},
  url       = {http://arxiv.org/abs/1310.4546},
  archivePrefix = {arXiv},
  eprint    = {1310.4546},
  timestamp = {Mon, 13 Aug 2018 16:47:09 +0200},
  biburl    = {https://dblp.org/rec/journals/corr/MikolovSCCD13.bib},
  bibsource = {dblp computer science bibliography, https://dblp.org}
}
% GloVe paper
@inproceedings{pennington-etal-2014-glove,
    title = "{G}love: Global Vectors for Word Representation",
    author = "Pennington, Jeffrey  and
      Socher, Richard  and
      Manning, Christopher",
    booktitle = "Proceedings of the 2014 Conference on Empirical Methods in Natural Language Processing ({EMNLP})",
    month = oct,
    year = "2014",
    address = "Doha, Qatar",
    publisher = "Association for Computational Linguistics",
    url = "https://www.aclweb.org/anthology/D14-1162",
    doi = "10.3115/v1/D14-1162",
    pages = "1532--1543",
}
% FastText paper
@article{DBLP:journals/corr/JoulinGBM16,
  author    = {Armand Joulin and
               Edouard Grave and
               Piotr Bojanowski and
               Tomas Mikolov},
  title     = {Bag of Tricks for Efficient Text Classification},
  journal   = {CoRR},
  volume    = {abs/1607.01759},
  year      = {2016},
  url       = {http://arxiv.org/abs/1607.01759},
  archivePrefix = {arXiv},
  eprint    = {1607.01759},
  timestamp = {Mon, 13 Aug 2018 16:48:12 +0200},
  biburl    = {https://dblp.org/rec/journals/corr/JoulinGBM16.bib},
  bibsource = {dblp computer science bibliography, https://dblp.org}
}